@techreport { gupta2017e,
title = { Espresso (lite) 1.0beta User Manual },
author = {Sandeep Gupta and Vanessa Cedeno},
year = {2017},
institution = {NDSSL},
reportnumber = {17-039},
abstract = {},
}

@techreport{gupta2017v1i,
title = {VERSA 1.0beta Interface, demo, and APIs },
author = {Sandeep Gupta and John Krulick},
year = {2017},
institution = {NDSSL},
reportnumber = {17-033},
abstract = {},
}
@manual {gupta2016dum,
title = { Dicex User Manual and Cookbook },
author = {Sandeep Gupta},
year = {2016},
keywords = {HPC, data-intensive computing, analytics},
institution = {NDSSL},
reportnumber = {16-061},
abstract = {A data intensive computing framework for evolving epidemiological models and simulation datasets},
}

@techreport {gupta2017m,
title = { Modeling Constrained Non-renewable Resources Distribution in Espresso },
author = {Sandeep Gupta and Vanessa Cedeno},
year = {2017},
institution = {NDSSL},
reportnumber = {17-051},
abstract = {},
}

@inproceedings{Bisset:2009:EFA:1542275.1542336,
 author = {Bisset, Keith R. and Chen, Jiangzhuo and Feng, Xizhou and Kumar, V.S. Anil and Marathe, Madhav V.},
 title = {EpiFast: A Fast Algorithm for Large Scale Realistic Epidemic Simulations on Distributed Memory Systems},
 booktitle = {Proceedings of the 23rd International Conference on Supercomputing},
 series = {ICS '09},
 year = {2009},
 isbn = {978-1-60558-498-0},
 location = {Yorktown Heights, NY, USA},
 pages = {430--439},
 numpages = {10},
 url = {http://doi.acm.org/10.1145/1542275.1542336},
 doi = {10.1145/1542275.1542336},
 acmid = {1542336},
 publisher = {ACM},
 address = {New York, NY, USA},
 keywords = {distributed memory, epidemics, parallel algorithm, seir, simulation, social contact network},
}

@inproceedings{Bisset:2010:IID:1810085.1810118,
 author = {Bisset, Keith R. and Chen, Jiangzhuo and Feng, Xizhou and Ma, Yifei and Marathe, Madhav V.},
 title = {Indemics: An Interactive Data Intensive Framework for High Performance Epidemic Simulation},
 booktitle = {Proceedings of the 24th ACM International Conference on Supercomputing},
 series = {ICS '10},
 year = {2010},
 isbn = {978-1-4503-0018-6},
 location = {Tsukuba, Ibaraki, Japan},
 pages = {233--242},
 numpages = {10},
 url = {http://doi.acm.org/10.1145/1810085.1810118},
 doi = {10.1145/1810085.1810118},
 acmid = {1810118},
 publisher = {ACM},
 address = {New York, NY, USA},
 keywords = {infectious disease, interactive computation, modeling and simulation, network dynamics, parallel computation},
} 

@manual { gupta2017i2u,
title = { Indemics 2.0 Users Manual: Primitives for exogenous interventions within distributed Epifast simulation },
author = {Sandeep Gupta and Jiangzhuo Chen and Bryan L. Lewis},
year = {2017},
institution = {NDSSL},
reportnumber = {17-057},
abstract = {},
}

@techreport { gupta2017ml,
title = { Modeling long distance travel as force of infection in Espresso },
author = {Sandeep Gupta and Vanessa Cedeno},
year = {2017},
institution = {NDSSL},
reportnumber = {17-060},
abstract = {},
}